% ------------------------------------------------------------------------
% SAMPLE BIBLIOGRAPHY FILE
% ------------------------------------------------------------------------

@book{adamek/rosicky:1994,
  author = {Ad{\'a}mek, J. and Rosick{\'y}, J.},
  groups = {public},
  publisher = {Cambridge University Press},
  title = {Locally Presentable and Accessible Categories},
  year = 1994
}

@inproceedings{GuptaBMSM07,
  author    = {Gopal Gupta and
               Ajay Bansal and
               Richard Min and
               Luke Simon and
               Ajay Mallya},
  title     = {Coinductive Logic Programming and Its Applications},
  booktitle = {ICLP},
  year      = {2007},
  pages     = {27-44},
  ee        = {http://dx.doi.org/10.1007/978-3-540-74610-2_4},
  crossref  = {DBLP:conf/iclp/2007},
  bibsource = {DBLP, http://dblp.uni-trier.de}
}

@inproceedings{Gupta94,
    author = {Gopal Gupta and Vítor Santos Costa},
    title = {Optimal Implementation of And-Or Parallel Prolog},
  booktitle = {PARLE},
  year      = {1994},
  pages     = {71-92}
  }

@article{Gupta2001,
 author = {Gupta, Gopal and Pontelli, Enrico and Ali, Khayri A.M. and Carlsson, Mats and Hermenegildo, Manuel V.},
 title = {Parallel execution of prolog programs: a survey},
 journal = {ACM Trans. Program. Lang. Syst.},
 issue_date = {July 2001},
 volume = {23},
 number = {4},
 month = jul,
 year = {2001},
 issn = {0164-0925},
 pages = {472--602},
 numpages = {131},
 url = {http://doi.acm.org/10.1145/504083.504085},
 doi = {10.1145/504083.504085},
 acmid = {504085},
 publisher = {ACM},
 address = {New York, NY, USA},
 keywords = {Automatic parallelization, constraint programming, logic programming, parallelism, prolog},
}



@inproceedings{KomPowerCSL11,
  author    = {Ekaterina Komendantskaya and
               John Power},
  title     = {Coalgebraic Derivations in Logic Programming},
  booktitle = {CSL},
  year      = {2011},
  pages     = {352-366},
  ee        = {http://dx.doi.org/10.4230/LIPIcs.CSL.2011.352},
  crossref  = {DBLP:conf/csl/2011},
  bibsource = {DBLP, http://dblp.uni-trier.de}
}

@inproceedings{KomMcCuskerPowerAMAST10,
  author    = {Ekaterina Komendantskaya and
               Guy McCusker and
               John Power},
  title     = {Coalgebraic Semantics for Parallel Derivation Strategies
               in Logic Programming},
  booktitle = {AMAST},
  year      = {2010},
  pages     = {111-127},
  ee        = {http://dx.doi.org/10.1007/978-3-642-17796-5_7},
  crossref  = {DBLP:conf/amast/2010},
  bibsource = {DBLP, http://dblp.uni-trier.de}
}

@inproceedings{KomPowCALCO11,
  author    = {Ekaterina Komendantskaya and
               John Power},
  title     = {Coalgebraic Semantics for Derivations in Logic Programming},
  booktitle = {CALCO},
  year      = {2011},
  pages     = {268-282},
  ee        = {http://dx.doi.org/10.1007/978-3-642-22944-2_19},
  crossref  = {DBLP:conf/calco/2011},
  bibsource = {DBLP, http://dblp.uni-trier.de}
}

@book{mclane,
    author = {Mac Lane, Saunders},
    day = {25},
    edition = {2nd},
    howpublished = {Hardcover},
    isbn = {0387984038},
    keywords = {categories, functor, natural\_transformation},
    month = sep,
    posted-at = {2010-06-14 15:00:19},
    priority = {0},
    publisher = {Springer},
    series = {Graduate Texts in Mathematics},
    title = {{Categories for the Working Mathematician}},
    year = {1998}
}

@article{MitchellSeqUnification,
title = "On the sequential nature of unification",
journal = "The Journal of Logic Programming",
volume = "1",
number = "1",
pages = "35 - 50",
year = "1984",
note = "",
issn = "0743-1066",
doi = "10.1016/0743-1066(84)90022-0",
url = "http://www.sciencedirect.com/science/article/pii/0743106684900220",
author = "Cynthia Dwork and Paris C. Kanellakis and John C. Mitchell"
}


@article{Worrell99,
  title = {Terminal sequences for accessible endofunctors},
  author = {James Worrell},
  year = {1999},
  journal = {Electronic Notes in Theoretical Computer Science},
  volume = {19},
}

% ------------------------------------------------------------------------
